@inproceedings{susskind2022,
  author = {Susskind, Zachary and Arora, Aman and Miranda, Igor D. S. and Villon, Luis A. Q. and Katopodis, Rafael F. and Araújo, Leandro S. and Dutra, Diego L. C. and Lima, Priscila M. V. and França, Felipe M. G. and Breternitz Jr, Mauricio and John, Lizy K.},
  title = {Weightless Neural Networks for Efficient Edge Inference},
  booktitle = {PACT '22: International Conference on Parallel Architectures and Compilation Techniques},
  year = {2022},
  publisher = {ACM},
  address = {New York, NY, USA},
  location = {Chicago, IL},
  doi = {10.1145/3559009.3569680}
}

@article{santiago2020,
  title = {Weightless Neural Networks as Memory Segmented Bloom Filters},
  author = {Santiago, Leandro and Verona, Leticia and Rangel, Fabio and Firmino, Fabrício and Menasché, Daniel S. and Caarls, Wouter and Breternitz Jr, Mauricio and Kundu, Sandip and Lima, Priscila M. V. and França, Felipe M. G.},
  journal = {Neurocomputing},
  volume = {416},
  pages = {354--366},
  year = {2020},
  publisher = {Elsevier},
  doi = {10.1016/j.neucom.2020.01.021}
}

@article{lusquino2020,
  title = {Extending the weightless WiSARD classifier for regression},
  author = {Lusquino Filho, Leopoldo A. D. and Oliveira, Luiz F. R. and Lima Filho, Aluizio and Guarisa, Gabriel P. and Felix, Lucca M. and Lima, Priscila M. V. and França, Felipe M. G.},
  journal = {Neurocomputing},
  volume = {419},
  pages = {125--138},
  year = {2020},
  publisher = {Elsevier},
  doi = {10.1016/j.neucom.2019.12.067}
}

@article{lima2020wisardpkg,
  title = {wisardpkg - A library for WiSARD-based models},
  author = {Lima Filho, Aluízio S. and Guarisa, Gabriel P. and Lusquino Filho, Leopoldo A. D. and Oliveira, Luiz F. R. and França, Felipe M. G. and Lima, Priscila M. V.},
  journal = {arXiv preprint arXiv:2005.00887},
  year = {2020},
  url = {https://arxiv.org/abs/2005.00887}
}

@misc{santiago2023,
  title = {Redes Sem Peso WiSARD - Soluções para Memória Eficiente},
  author = {Santiago, Leandro},
  year = {2023},
  note = {Apresentação sobre modelos WiSARD e otimizações de memória}
}

@article{carvalho2013bleaching,
  author = {Danilo Carvalho and Hugo Carneiro and Felipe M. G. França and Priscila M. V. Lima},
  title = {B-Bleaching: Agile Overtraining Avoidance in the WiSARD Weightless Neural Classifier},
  journal = {ESANN 2013},
  pages = {267--272}
}

@phdthesis{susskind2024phd,
  author = {Zachary Susskind},
  title = {Weightless Neural Networks for Fast, Low-Energy Inference},
  school = {The University of Texas at Austin},
  year = {2024},
  url = {https://repositories.lib.utexas.edu/bitstreams/ca304a73-0b60-4071-8161-c324f5feab5e/download}
}

@inproceedings{santiago2019bloomwisard,
  author = {Leandro Santiago and Felipe M. G. França and Priscila M. V. Lima and Maurício Breternitz Jr.},
  title = {Memory-Efficient Weightless Neural Network Using Bloom Filter},
  booktitle = {ESANN 2019: European Symposium on Artificial Neural Networks},
  year = {2019},
  url = {https://www.esann.org/sites/default/files/proceedings/legacy/es2019-83.pdf}
}
