@inproceedings{susskind2022,
  author = {Susskind, Zachary and Arora, Aman and Miranda, Igor D. S. and Villon, Luis A. Q. and Katopodis, Rafael F. and Araújo, Leandro S. and Dutra, Diego L. C. and Lima, Priscila M. V. and França, Felipe M. G. and Breternitz Jr, Mauricio and John, Lizy K.},
  title = {Weightless Neural Networks for Efficient Edge Inference},
  booktitle = {PACT '22: International Conference on Parallel Architectures and Compilation Techniques},
  year = {2022},
  publisher = {ACM},
  address = {New York, NY, USA},
  location = {Chicago, IL},
  doi = {10.1145/3559009.3569680}
}